%% Created using Papers on Tue, 08 May 2012.
%% http://mekentosj.com/papers/

@article{DiMicco:2007ie,
author = {DiMicco, Joan Morris and Hollenbach, Katherine J and Pandolfo, Anna and Bender, Walter},
title = {{The Impact of Increased Awareness While Face-to-Face}},
journal = {Human-Computer Interaction},
year = {2007},
volume = {22},
pages = {47--96}
}

@inproceedings{Bergstrom:2009ej,
author = {Bergstrom, Tony and Karahalios, Karrie},
title = {{Vote and Be Heard: Adding Back-Channel Signals to Social Mirrors}},
booktitle = {Proceedings of INTERACT},
year = {2009},
pages = {546--559},
publisher = {INTERACT},
address = {Berlin, Heidelberg}
}

@inproceedings{Greenberg:1994fs,
author = {Greenberg, Saul and Marwood, David},
title = {{Real Time Groupware as a Distributed System: Concurrency Control and its Effect on the Interface}},
booktitle = {Proceedings of CSCW},
year = {1994},
pages = {207--217},
publisher = {ACM Press},
address = {New York, New York, USA}
}

@inproceedings{Yardi:2006uk,
author = {Yardi, S},
title = {{The role of the backchannel in collaborative learning environments}},
booktitle = {Proceedings of the 7th international conference on {\ldots}},
year = {2006}
}

@inproceedings{Hindus:1996cn,
author = {Hindus, Debby and Ackerman, Mark S and Mainwaring, Scott and Starr, Brian},
title = {{Thunderwire: a field study of an audio-only media space}},
booktitle = {Proceedings of CSCW},
year = {1996},
publisher = { ACM  Request Permissions},
month = nov
}

@article{Karahalios:hu,
author = {Karahalios, K and Bergstrom, T},
title = {{Social Mirrors as Social Signals: Transforming Audio into Graphics}},
journal = {IEEE Computer Graphics and Applications},
year = {2009},
volume = {29},
number = {5},
pages = {22--32},
month = sep
}

@misc{HoleinSpace:1980vn,
title = {{Hole in Space}},
author = {Gallow, Kit and Rabinowitz, Sherrie},
month = nov,
year = {1980}
}

@electronic{CiscoTelepresence:w-U4Y0oj,
title = {{Cisco Telepresence}},
url = {http://www.youtube.com/watch?v=Zmqva2rkVXA}
}

@article{Yee:2007cl,
author = {Yee, Nick and Bailenson, Jeremy N and Urbanek, Mark and Chang, Francis and Merget, Dan},
title = {{The Unbearable Likeness of Being Digital: The Persistence of Nonverbal Social Norms in Online Virtual Environments}},
journal = {CyberPsychology {\&} Behavior},
year = {2007},
volume = {10},
number = {1},
pages = {115--121},
month = feb
}

@electronic{Untitled:QYxMTf7t
}

@article{Siegel:1986ve,
author = {Siegel, J and Dubrovsky, V and Kiesler, S},
title = {{Group processes in computer-mediated communication* 1}},
journal = {{\ldots} human decision processes},
year = {1986}
}

@inproceedings{DickeyKurdziolek:2010wt,
author = {Dickey-Kurdziolek, Margaret and Schaefer, Matthew and Tatar, Deborah and Renga, Ian},
title = {{Lessons from thoughtswap-ing}},
booktitle = {Proceedings of CSCW},
year = {2010}
}

@article{daSilva:vz,
author = {da Silva, CRC and Garcia, ACB and da Rosa, JMC},
title = {{SLMeetingRoom: A Model of Environment to Remote Support Meetings, Oriented Tasks with Small Groups for Second Life
}},
journal = {ic.uff.br}
}

@article{Stefik:1987gz,
author = {Stefik, M and Bobrow, D G and Foster, G and Lanning, S and Tatar, D},
title = {{WYSIWIS revised: early experiences with multiuser interfaces}},
journal = {ACM Transactions on Information Systems},
year = {1987},
volume = {5},
number = {2},
pages = {147--167},
month = apr
}

@book{Ludlow:2007uu,
author = {Ludlow, P and Wallace, M},
title = {{The Second Life Herald}},
publisher = {MIT Press},
year = {2007},
series = {The Virtual Tabloid that Witnessed the Dawn of the Metaverse}
}

@book{Au:2008va,
author = {Au, W.J.},
title = {{The Making of Second Life}},
publisher = {Collins Business},
year = {2008},
series = {Notes from the New World}
}

@article{Hutchins:1995ud,
author = {Hutchins, Edwin},
title = {{How a cockpit remembers its speeds}},
journal = {Cognitive science},
year = {1995}
}

@inproceedings{Harry:2009jh,
author = {Harry, Drew and Green, Joshua and Donath, Judith},
title = {{backchan.nl: Integrating Backchannels in Physical Space}},
booktitle = {Proceedings of CHI},
year = {2009},
pages = {1361--1370},
publisher = {ACM Press},
address = {New York, New York, USA}
}

@inproceedings{Mantei:1991ww,
author = {Mantei, MM and Baecker, RM and Sellen, AJ},
title = {{Experiences in the use of a media space}},
booktitle = {Proceedings of the {\ldots}},
year = {1991}
}

@article{Berg:1997bs,
author = {Berg, M},
title = {{Of Forms, Containers, and the Electronic Medical Record: Some Tools for a Sociology of the Formal}},
journal = {Science, Technology {\&} Human Values},
year = {1997},
volume = {22},
number = {4},
pages = {403--433},
month = oct
}

@inproceedings{Kim:2008ip,
author = {Kim, Taemie and Chang, Agnes and Holland, Lindsey and Pentland, Alex Sandy},
title = {{Meeting Mediator: Enhancing Group Collaboration using Sociometric Feedback}},
booktitle = {Proceedings of CSCW},
year = {2008},
pages = {457},
publisher = {ACM Press},
address = {New York, New York, USA}
}

@inproceedings{Ackerman:1995tj,
author = {Ackerman, Mark S and Starr, Brian},
title = {{Social Activity Indicators: Interface Components for CSCW Systems}},
booktitle = {Proceedings of UIST},
year = {1995}
}

@inproceedings{Scholl:2006cn,
author = {Scholl, Jeremiah and McCarthy, John and Harr, Rikard},
title = {{Proceedings of the 2006 20th anniversary conference on Computer supported cooperative work - CSCW '06}},
booktitle = {the 2006 20th anniversary conference},
year = {2006},
pages = {323},
publisher = {ACM Press},
address = {New York, New York, USA}
}

@inproceedings{Fish:1990fn,
author = {Fish, Robert S and Kraut, Robert E and Chalfonte, Barbara L},
title = {{The VideoWindow system in informal communication}},
booktitle = {Proceedings of CSCW},
year = {1990},
publisher = { ACM  Request Permissions},
month = sep
}

@misc{Anonymous:2007wz,
title = {{Gartner Says 80 Percent of Active Internet Users Will Have A "Second Life" in the Virtual World by the End of 2011
}},
howpublished = {Gartner, Inc},
month = apr,
year = {2007}
}

@booklet{Bartle:2003up,
title = {{Designing virtual worlds}},
author = {Bartle, R},
year = {2003}
}

@article{Erickson:2000kb,
author = {Erickson, Thomas and Kellogg, Wendy A},
title = {{Social translucence: an approach to designing systems that support social processes}},
journal = {ACM Transactions on Computer-Human Interaction},
year = {2000},
volume = {7},
number = {1},
pages = {59--83},
month = mar
}

@article{Shami:2010vi,
author = {Shami, NS and Cheng, LT and Rohall, S},
title = {{Avatars meet meetings: Design issues in integrating avatars in distributed corporate meetings}},
journal = {{\ldots} conference on {\ldots}},
year = {2010}
}

@article{Yee:2009vt,
author = {Yee, N},
title = {{The difference between being and seeing: the relative contribution of self-perception and priming to behavioral changes via digital self-representation}},
journal = {Media Psychology},
year = {2009}
}

@article{Scholl:2006p210,
author = {Scholl, J and McCarthy, J and Harr, R},
title = {{A comparison of chat and audio in media rich environments}},
journal = {Proceedings of the 2006 20th {\ldots}},
year = {2006},
annote = {Love the quote in sec 2.

"bandwidth hypothesis" 38, 42

Look up 5.

A bit of a weird study, but I basically agree with their view of the world, anc its good backup for my core arguments.   }
}

@article{Bos:2002p256,
author = {Bos, N and Olson, J and Gergle, D and Olson, G},
title = {{Effects of four computer-mediated communications channels on trust development}},
journal = {Proceedings of the {\ldots}},
year = {2002}
}

@article{Hancock:2004p314,
author = {Hancock, J and Thom-Santelli, J and Ritchie, T},
title = {{Deception and design: The impact of communication technology on lying behavior}},
journal = {Proceedings of the SIGCHI {\ldots}},
year = {2004}
}

@inproceedings{Bergstrom:wl,
author = {Bergstrom, T and Harris, A},
title = {{Encouraging Initiative in the Classroom with Anonymous Feedback}},
booktitle = {Proceedings of INTERACT},
year = {2011},
address = {Lisbon, Portugal}
}

@article{Toma:2010p347,
author = {Toma, C},
title = {{Perceptions of trustworthiness online: the role of visual and textual information}},
journal = {Proceedings of the 2010 ACM conference on {\ldots}},
year = {2010},
annote = {Check on 8, 21

Hyperpersonal seems useful. (21

Media richness theory seems like a good counterpoint to argue against. Check 5 and 16.

Great for refs, but study is kind of silly.    }
}

@webpage{Anonymous:tv,
title = {{MPK20: Sun's Virtual Workspace}},
url = {http://labs.oracle.com/projects/mc/mpk20.html}
}

@article{Ochsman:1974vu,
author = {Ochsman, Robert B and Chapanis, Alphonse},
title = {{The effects of 10 communication modes on the behavior of teams during co-operative problem-solving}},
journal = {International Journal of Man-Machine Studies},
year = {1974}
}

@article{Egido:1988vq,
author = {Edigo, Carmen},
title = {{Video conferencing as a technology to support group work: a review of its failures}},
journal = {Proceedings of CSCW},
year = {1988},
annote = {Great history of the false promises of video conf.

Some good content on the fallacies of remote meeting, including links to papers that show that adding video conferencing to a company doesn't mean less travel, it means more meetings. (p.18, top of right column)`}
}

@book{Abel:1990vk,
author = {Abel, Mark J.},
title = {{Experiences in an exploratory distributed organization.}},
publisher = {Lawrence Erlbaum Associates, Inc},
year = {1990}
}

@inproceedings{Kittur:2007up,
author = {Kittur, A and Suh, B and Pendleton, BA},
title = {{He says, she says: Conflict and coordination in Wikipedia}},
booktitle = {Proceedings of the SIGCHI {\ldots}},
year = {2007}
}

@article{Harry:2008ww,
author = {Harry, Drew},
title = {{Information spaces -- building meeting rooms in virtual environments}},
journal = {Proceedings of CHI},
year = {2008}
}

@inproceedings{Hill:1992wg,
author = {Hill, William C and Hollan, James D and Wroblewski, Dave and McCandless, Tim},
title = {{Edit wear and read wear}},
booktitle = {Proceedings of CHI},
year = {1992}
}

@inproceedings{Harry:2007cm,
author = {Harry, Drew and Offenhuber, Dietmar and Donath, Judith},
title = {{The Projects - towards a sociable architecture for virtual worlds}},
booktitle = {Proceedings of DUX},
year = {2007},
pages = {1},
publisher = {ACM Press},
address = {New York, New York, USA}
}

@inproceedings{Isaacs:1996iy,
author = {Isaacs, Ellen A and Tang, John C and Morris, Trevor},
title = {{Piazza: a desktop environment supporting impromptu and planned interactions}},
booktitle = {Proceedings of CSCW},
year = {1996},
publisher = { ACM  Request Permissions},
month = nov
}

@article{Williams:1977p682,
author = {Williams, E},
title = {{Experimental comparisons of face-to-face and mediated communication: A review}},
journal = {Psychological Bulletin},
year = {1977},
annote = {Solid history of studies in that era. Thankfully does a good job at recognizing how the variance in details of tech matter for the analysis. }
}

@article{Burkhalter:2002vg,
author = {Burkhalter, S and Gastil, J},
title = {{A Conceptual Definition and Theoretical Model of Public Deliberation in Small Face---to---Face Groups}},
journal = {Communication Theory},
year = {2002}
}

@inproceedings{Bergstrom:2009fe,
author = {Bergstrom, Tony and Karahalios, Karrie},
title = {{Conversation Clusters: Grouping Conversation Topics through Human-Computer Dialog}},
booktitle = {Proceedings of CHI},
year = {2009},
pages = {2349},
organization = {UIUC},
publisher = {ACM Press},
address = {Boston, MA}
}

@article{Daft:1986p1548,
author = {Daft, R and Lengel, R},
title = {{Organizational information requirements, media richness and structural design}},
journal = {Management science},
year = {1986}
}

@inproceedings{Viegas:1999kv,
author = {Viegas, Fernanda B and Donath, Judith S},
title = {{Chat Circles}},
booktitle = {Proceedings of CHI},
year = {1999},
pages = {9--16},
publisher = {ACM Press},
address = {New York, New York, USA}
}

@article{Hollan:2000ud,
author = {Hollan, J and Hutchins, E and Kirsh, D},
title = {{Distributed cognition: toward a new foundation for human-computer interaction research}},
journal = {ACM Transactions on Computer- {\ldots}},
year = {2000}
}

@article{Wallace:2008vb,
author = {Wallace, Lewis},
title = {{SXSW: Zuckerberg Keynote Descends Into Chaos as Audience Takes Over}},
journal = {Wired},
year = {2008},
month = mar
}

@incollection{Brennan:1991wk,
author = {Clark, Herbert and Brennan, Susan},
title = {{Grounding in communication}},
booktitle = {Perspectives on Socially Shared Cognition},
year = {1991},
editor = {Resnick, Lauren and LEvine, John and Teasley, Stephanie},
publisher = {American Psychological Association}
}

@article{Suh:1999dd,
author = {Suh, Kil Soo},
title = {{Impact of communication medium on task performance and satisfaction: an examination of media-richness theory}},
journal = {Information {\&} Management},
year = {1999},
volume = {35},
number = {5},
pages = {295--312},
month = may
}

@book{Norman:2002tv,
author = {Norman, D.A.},
title = {{The Design of Everday Things}},
publisher = {Basic Books},
year = {2002},
month = sep
}

@article{Dennis:1988ww,
author = {Dennis, Alan R and George, Joey F and Jessup, Len M and Jay F Nunamaker, Jr. and Vogel, Douglas R},
title = {{Information Technology to Support Electronic Meetings}},
journal = {Management Information Systems Quarterly},
year = {1988},
volume = {12},
number = {4}
}

@inproceedings{Huang:2003ef,
author = {Huang, Elaine M and Mynatt, Elizabeth D},
title = {{Semi-public displays for small, co-located groups}},
booktitle = {CHI '03: Proceedings of the SIGCHI conference on Human factors in computing systems},
year = {2003},
publisher = { ACM  Request Permissions},
month = apr
}

@inproceedings{Bernstein:2010wk,
author = {Bernstein, MS and Little, G and Miller, RC},
title = {{Soylent: a word processor with a crowd inside}},
booktitle = {Proceedings of UIST},
year = {2010}
}

@inproceedings{Kam:2005wb,
author = {Kam, M and Wang, J and Iles, A and Tse, E and Chiu, J},
title = {{Livenotes}},
booktitle = {Proceedings of CHI},
year = {2005}
}

@book{Glaser:1967tj,
author = {Glaser, Barney G and Strauss, Anselm L},
title = {{The Discovery of Grounded Theory}},
publisher = {Aldine Transaction},
year = {1967}
}

@article{Suchman:1988uh,
author = {Suchman, LA},
title = {{Representing practice in cognitive science}},
journal = {Human Studies},
year = {1988}
}

@article{Hollan:1992tz,
author = {Hollan, J and Stornetta, S},
title = {{Beyond being there}},
journal = {Proceedings of CHI},
year = {1992}
}

@article{nunamaker_electronic_1991,
author = {Nunamaker, J F and Dennis, Alan R and Valacich, Joseph S and Vogel, Douglas and George, Joey F},
title = {{Electronic meeting systems}},
journal = {Commun. ACM},
year = {1991},
volume = {34},
number = {7},
pages = {40--61}
}

@inproceedings{mccarthy_digital_2004,
author = {McCarthy, Joseph F and boyd, danah and Churchill, Elizabeth F and Griswold, William G and Lawley, Elizabeth and Zaner, Melora},
title = {{Digital backchannels in shared physical spaces: attention, intention and contention}},
booktitle = {Proceedings of CSCW},
year = {2004},
pages = {550--553},
publisher = {ACM},
address = {Chicago, Illinois, USA}
}

@inproceedings{Yankelovich:2005bx,
author = {Yankelovich, Nicole and McGinn, Jen and Wessler, Mike and Kaplan, Jonathan and Provino, Joe and Fox, Harold},
title = {{Private Communications in Public Meetings}},
booktitle = {Proceedings of CHI},
year = {2005},
pages = {1873},
publisher = {ACM Press},
address = {New York, New York, USA}
}

@inproceedings{Kellogg:2002ts,
author = {Kellogg, Wendy and Erickson, Thomas},
title = {{Social Translucence, Collective Awareness, and the Emergence of Place}},
booktitle = {Proceedings of CSCW2002},
year = {2002},
organization = {IBM Research}
}

@article{Benford:1994jh,
author = {Benford, Steve and Bowers, John and Fahlen, Jennart and Mariani, John and Rodden, Tom},
title = {{Supporting Cooperative Work in Virtual Environments}},
journal = {The Computer Journal},
year = {1994},
volume = {37},
number = {8},
pages = {653--668},
month = aug
}

@article{Chapanis:1975ts,
author = {Chapanis, A},
title = {{Interactive human communication}},
journal = {Scientific American},
year = {1975}
}

@article{Gabriel:2011vz,
author = {Gabriel, Trip},
title = {{Speaking Up in Class, Silently, Using Social Media}},
journal = {New York Times},
year = {2011},
month = may
}

@book{Abbot:1899th,
author = {Abbot, E.A.},
title = {{Flatland: A Romance of Many Dimensions}},
publisher = {Kessinger Publishing},
year = {1899}
}

@article{Greenhalgh:1995gz,
author = {Greenhalgh, Chris and Benford, Steven},
title = {{MASSIVE: a collaborative virtual environment for teleconferencing}},
journal = {ACM Trans Computer-Human Interaction},
year = {1995},
volume = {2},
number = {3},
pages = {239--261},
month = sep
}

@book{goffman_presentation_1959,
author = {Goffman, Erving},
title = {{The Presentation of Self in Everyday Life}},
publisher = {Anchor},
year = {1959}
}

@article{Ross:2009gp,
author = {Ross, Craig and Orr, Emily S and Sisic, Mia and Arseneault, Jaime M and Simmering, Mary G and Orr, R Robert},
title = {{Personality and motivations associated with Facebook use}},
journal = {Computers in Human Behavior},
year = {2009},
volume = {25},
number = {2},
pages = {578--586},
month = mar
}

@inproceedings{kellogg_leveraging_2006,
author = {Kellogg, Wendy A and Erickson, Thomas and Wolf, Tracee Vetting and Levy, Stephen and Christensen, Jim and Sussman, Jeremy and Bennett, William E},
title = {{leveraging digital backchannels to enhance user experience in electronically mediated communication}},
booktitle = {Proceedings of CSCW},
year = {2006},
pages = {451--454},
publisher = {ACM},
address = {Banff, Alberta, Canada}
}

@inproceedings{Fish:1992vz,
author = {Fish, RS and Kraut, RE and Root, RW},
title = {{Evaluating video as a technology for informal communication}},
booktitle = {Proceedings of the SIGCHI {\ldots}},
year = {1992}
}

@article{Clark:1989uc,
author = {Clark, Herbert},
title = {{Contributing to discourse}},
journal = {Cognitive science},
year = {1989}
}

@book{Sellen:2001uk,
author = {Sellen, Abigail and Harper, Richard},
title = {{The Myth of the Paperless Office}},
publisher = {MIT Press},
year = {2001},
address = {Cambridge, MA},
month = nov
}

@incollection{Harry:2008tg,
author = {Harry, Drew and Offenhuber, Dietmar and Donath, Judith},
title = {{Function Follows Form - The Social Roles of Virtual Architecture}},
booktitle = {Architecture's Second Life},
year = {2008},
editor = {Doesinger, Stephan},
publisher = {Prestel},
month = apr
}

@incollection{Agamanolis:2003wc,
author = {Agamanolis, Stefan},
title = {{Public and Situated Displays: Social and interactional aspects of shared display technologies}},
year = {2003},
editor = {O'Hara, Kenton and Perry, Mark and Churchill, Elizabeth and Russell, Daniel},
publisher = {Kluwer}
}

@article{Roschelle:2007bi,
author = {Roschelle, Jeremy and Tatar, Deborah and Chaudhury, S Raj and Dimitriadis, Yannis and Patton, Charles and DiGiano, Chris},
title = {{Ink, Improvisation, and Interactive Engagement: Learning with Tablets}},
journal = {Computer},
year = {2007},
volume = {40},
number = {9},
pages = {42--48}
}

@article{Tatar:1991jq,
author = {Tatar, Deborah and Foster, Gregg and Bobrow, Daniel},
title = {{Design for conversation: lessons from Cognoter}},
journal = {International Journal of Man-Machine Studies},
year = {1991},
volume = {34},
number = {2},
pages = {185--209},
month = feb
}

@book{Goffman:1981tm,
author = {Goffman, Erving},
title = {{Forms of talk}},
publisher = {Univ of Pennsylvania Pr},
year = {1981}
}

@inproceedings{Bergstrom:2007je,
author = {Bergstrom, Tony and Karahalios, Karrie},
title = {{Conversation Clock: Visualizing audio patterns in co-located groups}},
booktitle = {Proceedings of HICSS},
year = {2007},
pages = {78--78},
organization = {UIUC},
publisher = {IEEE},
month = jan
}

@webpage{Koster:2007wg,
author = {Koster, R},
title = {{Categories of Virtual Worlds}},
year = {2007},
month = oct,
url = {http://www.raphkoster.com/2007/10/02/categories-of-virtual-world/}
}

@incollection{Novak:1991ue,
author = {Novak, M},
title = {{Liquid Architectures in Cyberspace}},
booktitle = {Cyberspace},
year = {1991},
editor = {Benedikt, M},
publisher = {MIT Press}
}

@inproceedings{Ishii:1992bq,
author = {Ishii, Hiroshi and Kobayashi, Minoru},
title = {{ClearBoard: A Seamless Medium for Shared Drawing and Conversation with Eye Contact}},
booktitle = {Proceedings of CHI},
year = {1992},
pages = {525--532},
publisher = {ACM Press},
address = {New York, New York, USA}
}

